<?xml version="1.0" encoding="UTF-8"?><collection xmlns="http://www.loc.gov/MARC21/slim"><record><leader>00408nam--2200157-i-4500</leader><controlfield tag="001">000009313</controlfield><controlfield tag="002">20161230</controlfield><controlfield tag="005">20170122234125</controlfield><controlfield tag="008">060222s1000------------r-----000-0-eng-d</controlfield><datafield ind1=" " ind2=" " tag="100"><subfield code="a">Corbishley, D. J</subfield></datafield><datafield ind1=" " ind2=" " tag="245"><subfield code="a">Some seismic results of the milrow underground nuclear explosion</subfield></datafield><datafield ind1=" " ind2=" " tag="260"><subfield code="a">Aldermaston</subfield><subfield code="c">1970</subfield></datafield><datafield ind1=" " ind2=" " tag="300"><subfield code="a">16 p</subfield></datafield><datafield ind1=" " ind2=" " tag="700"><subfield code="a">Marshall, P.D</subfield></datafield><datafield ind1=" " ind2=" " tag="852"><subfield code="a">32940</subfield></datafield><datafield ind1=" " ind2=" " tag="CAT"><subfield code="a">SYS</subfield><subfield code="c">20170122</subfield><subfield code="h">234125</subfield></datafield></record></collection>